@conference{bhattacharyya1998emf,
  title={{Efficient multicast flow control using multiple multicast groups}},
  author={Bhattacharyya, S. and Kurose, J. and Towsley, D. and Nagarajan, R.},
  booktitle={IEEE INFOCOM},
  volume={98},
  year={1998}
}


@INPROCEEDINGS{Mccanne96layered,
    author = {Steven Mccanne and Van Jacobson and Martin Vetterli},
    title = {Receiver-driven layered multicast},
    booktitle = {ACM SIGCOMM},
    year = {1996},
    pages = {117--130}
}

@article{gau2002mfc,
  title={{On multicast flow control for heterogeneous receivers}},
  author={Gau, R.H. and Haas, ZJ and Krishnamachari, B.},
  journal={Networking, IEEE/ACM Transactions on},
  volume={10},
  number={1},
  pages={86--101},
  year={2002}
}

@article{sallysrm,
 author = {Sally Floyd and Van Jacobson and Ching-Gung Liu and Steven McCanne and Lixia Zhang},
 title = {A reliable multicast framework for light-weight sessions and application level framing},
 journal = {IEEE/ACM Trans. Netw.},
 volume = {5},
 number = {6},
 year = {1997},
 issn = {1063-6692},
 pages = {784--803},
 doi = {http://dx.doi.org/10.1109/90.650139},
 publisher = {IEEE Press},
 address = {Piscataway, NJ, USA},
 }



@article{moser1996tft,
  title={{Totem: a fault-tolerant multicast group communication system}},
  author={Moser, LE and Melliar-Smith, PM and Agarwal, DA and Budhia, RK and Lingley-Papadopoulos, CA},
  journal={Communications of the ACM},
  volume={39},
  number={4},
  pages={54--63},
  year={1996},
  publisher={ACM New York, NY, USA}
}

@article{birman1993pga,
  title={{The process group approach to reliable distributed computing}},
  author={Birman, K.P.},
  journal={Communications of the ACM},
  volume={36},
  number={12},
  pages={37--53},
  year={1993},
  publisher={ACM New York, NY, USA}
}


@article{vanrenesse1996hfg,
  title={{Horus: a flexible group communication system}},
  author={van Renesse, R. and Birman, K.P. and Maffeis, S.},
  journal={Communications of the ACM},
  volume={39},
  number={4},
  pages={76--83},
  year={1996},
  publisher={ACM New York, NY, USA}
}


@conference{widmer2001eeb,
  title={{Extending equation-based congestion control to multicast applications}},
  author={Widmer, J. and Handley, M.},
  booktitle={Proceedings of the 2001 conference on Applications, technologies, architectures, and protocols for computer communications},
  pages={275--285},
  year={2001},
  organization={ACM New York, NY, USA}
}

@article{whetten1998rbc,
  title={{A Rate Based Congestion Control Scheme for Reliable Multicast}},
  author={Whetten, B. and Conlan, J.},
  journal={GlobalCast Communications, Oct},
  year={1998}
}

@conference{vicisano98tlc,
  title={{TCP-like congestion control for layered multicast data transfer}},
  author={Vicisano, L. and Crowcroft, J. and Rizzo, L.},
  booktitle={INFOCOM'98. Seventeenth Annual Joint Conference of the IEEE Computer and Communications Societies. Proceedings. IEEE},
  volume={3}
}

@article{handley:sst,
  title={{Strawman Specification for TCP Friendly (Reliable) Multicast Congestion Control (TFMCC)}},
  author={Handley, M. and Floyd, S. and Whetten, B.},
  journal={Work in Progress}
}




@inproceedings{Tock,
author = {Yoav Tock and Nir Naaman and Avi Harpaz and Gidon Gershinsky},
title = {Hierarchical Clustering of Message Flows in a Multicast
Data Dissemination System},
booktitle = {IASTED PDCS},
year = {2005},
pages = {320-326},
crossref = {DBLP:conf/pdcs/2005},
bibsource = {DBLP, http://dblp.uni-trier.de}
}

@proceedings{DBLP:conf/pdcs/2005,
editor = {S. Q. Zheng},
title = {International Conference on Parallel and Distributed Computing
Systems, PDCS 2005, November 14-16, 2005, Phoenix, AZ, USA},
booktitle = {IASTED PDCS},
publisher = {IASTED/ACTA Press},
year = {2005},
isbn = {0-88986-525-6},
bibsource = {DBLP, http://dblp.uni-trier.de}
}


@inproceedings{Ricochet,
author= {Mahesh Balakrishnan and
Ken Birman and
Amar Phanishayee and
Stefan Pleisch},
title = {Ricochet: Lateral Error Correction for Time-Critical Multicast},
booktitle = {NSDI},
year= {2007},
ee= {http://www.usenix.org/events/nsdi07/tech/balakrishnan.html},
bibsource = {DBLP, http://dblp.uni-trier.de}
}

@article{Wang,
	author= {Yi-Min Wang and  Lili Qiu and  Dimitris Achlioptas and  Gautam Das and  Paul Larson and Helen J. Wang},
	title = {Subscription Partitioning and Routing in Content-based Publish/Subscribe Systems},
	booktitle = {DISC},
	year = {2002},
}


@article{Amir,
author= {Yair Amir and Cristina Nita-Rotaru and Jonathan Robert Stanton and Gene Tsudik},
title = {Secure Spread: An Integrated Architecture for Secure Group Communication},
journal = {IEEE Trans. Dependable Sec. Comput.},
volume= {2},
number= {3},
year= {2005},
pages = {248-261},
ee= {http://doi.ieeecomputersociety.org/10.1109/TDSC.2005.39},
bibsource = {DBLP, http://dblp.uni-trier.de}
}


@article{QSM,
author= {Krzyzstof Ostrowski and Ken Birman and Amar Phanishayee},
title = {QuickSilver Scalable Multicast},
journal = {Cornell University TR2006-2063, http://www.cs.cornell.edu/projects/quicksilver/pubs.html},
year= {2006}
}

@article{Cheriton,
author = {David R. Cheriton and Willy Zwaenepoel},
title = {Distributed process groups in the V Kernel},
journal = {ACM Trans. Comput. Syst.},
volume = {3},
number = {2},
year = {1985},
issn = {0734-2071},
pages = {77--107},
doi = {http://doi.acm.org/10.1145/214438.214439},
publisher = {ACM Press},
address = {New York, NY, USA},
}

@article{Lohmar,
author= {Thorsten Lohmar and Paolo Casagranda and Carol Gine Sado and Christope Janneteau and Pierrick Seite and Yu-Ming Tian},
title = {Architecture issues for multicast group partitioning in mobile hybrid networks},
journal = {Wireless World Research Forum (WWRF)},
year= {2003},
}
@inproceedings{Liu,
 author = {Hongzhou Liu and Venugopalan Ramasubramanian and Emin G\"{u}n Sirer},
 title = {{Client behavior and feed characteristics of RSS, a publish-subscribe system for web micronews}},
 booktitle = {IMC '05: Proceedings of the 5th ACM SIGCOMM conference on Internet Measurement},
 year = {2005},
 pages = {3--3},
 location = {Berkeley, CA},
 publisher = {USENIX Association},
 address = {Berkeley, CA, USA},
 }`




@proceedings{DBLP:conf/imc/2005,
 title     = {Proceedings of the 5th Conference on Internet Measurement
                2005, Berkeley, California, USA, October 19-21, 2005},
   booktitle = {Internet Measurment Conference},
     publisher = {USENIX Association},
       year      = {2005},
 bibsource = {DBLP, http://dblp.uni-trier.de}
}


@article{Gabaix,
author= {Xavier Gabaix and  Parameswaran Gopikrishnan and  Vasiliki Plerou and Eugene H. Stanley},
title = {A theory of power-law distributions in financial market fluctuations},
journal = {Nature},
volume = {423},
year = {2003},
pages = {267-270},
}

@article{Roehner,
author= {Bertrand M. Roehner},
title = {Patterns of Speculation: A Study in Observational Econophysics},
journal = {Cambridge University Press (ISBN 0521802636)},
year = {2002},
}

@inproceedings{Birman,
author    = {Ken Birman and
              Thomas Joseph},
  title     = {Exploiting Virtual Synchrony in Distributed Systems},
    booktitle = {SOSP},
      year      = {1987},
        pages     = {123-138},
  bibsource = {DBLP, http://dblp.uni-trier.de}
  }

@article{Rodrigues,
author    = {Lu\'{\i}s Rodrigues and Katherine Guo and Paulo Ver\'{\i}ssimo and Kenneth P. Birman},
title     = {A Dynamic Light-Weight Group Service},
journal   = {J. Parallel Distrib. Comput.},
volume    = {60},
number    = {12},
year      = {2000},
pages     = {1449-1479},
ee        = {http://dx.doi.org/10.1006/jpdc.2000.1645},
}


@article{Isis,
author    = {Bradford B. Glade and
            Kenneth P. Birman and
            Robert C. B. Cooper and
            Robbert van Renesse},
title     = {Light-weight process groups in the Isis system},
journal   = {Distributed Systems Engineering},
volume    = {1},
number    = {1},
year      = {1993},
pages     = {29-36},
ee        = {http://dx.doi.org/10.1088/0967-1846/1/1/004},
bibsource = {DBLP, http://dblp.uni-trier.de}
}

@article{IsisExperience,
	author    = {Ken Birman},
title     = {A Review of Experiences with Reliable Multicast},
journal   = {Software Practice and Experience},
volume    = {29},
number    = {9},
year      = {1999},
pages     = {741-774},
}



@inproceedings{Aguilera,
author    = {Marcos Kawazoe Aguilera and
            Robert E. Strom and
            Daniel C. Sturman and
            Mark Astley and
            Tushar Deepak Chandra},
title     = {Matching Events in a Content-Based Subscription System},
booktitle = {PODC},
year      = {1999},
pages     = {53-61},
ee        = {http://doi.acm.org/10.1145/301308.301326},
bibsource = {DBLP, http://dblp.uni-trier.de}
}

@inproceedings{Splitstream,
author    = {Miguel Castro and
            Peter Druschel and
            Anne-Marie Kermarrec and
            Animesh Nandi and
            Antony I. T. Rowstron and
            Atul Singh},
title     = {SplitStream: High-Bandwidth Content Distribution in Cooperative
            Environments},
booktitle = {IPTPS},
year      = {2003},
pages     = {292-303},
ee        = {http://springerlink.metapress.com/openurl.asp?genre=article{\&}issn=0302-9743{\&}volume=2735{\&}spage=292},
crossref  = {DBLP:conf/iptps/2003},
bibsource = {DBLP, http://dblp.uni-trier.de}
}

@proceedings{DBLP:conf/iptps/2003,
editor    = {M. Frans Kaashoek and
            Ion Stoica},
title     = {Peer-to-Peer Systems II, Second International Workshop,
            IPTPS 2003, Berkeley, CA, USA, February 21-22,2003, Revised
            Papers},
booktitle = {IPTPS},
publisher = {Springer},
series    = {Lecture Notes in Computer Science},
volume    = {2735},
year      = {2003},
isbn      = {3-540-40724-3},
bibsource = {DBLP, http://dblp.uni-trier.de}
}

@inproceedings{Scribe,
author    = {Antony I. T. Rowstron and
            Anne-Marie Kermarrec and
            Miguel Castro and
            Peter Druschel},
title     = {SCRIBE: The Design of a Large-Scale Event Notification Infrastructure},
booktitle = {Networked Group Communication},
year      = {2001},
pages     = {30-43},
ee        = {http://link.springer.de/link/service/series/0558/bibs/2233/22330030.htm},
crossref  = {DBLP:conf/ngc/2001},
bibsource = {DBLP, http://dblp.uni-trier.de}
}

@proceedings{DBLP:conf/ngc/2001,
editor    = {Jon Crowcroft and
            Markus Hofmann},
title     = {Networked Group Communication, Third International COST264
            Workshop, NGC 2001, London, UK, November 7-9, 2001, Proceedings},
booktitle = {Networked Group Communication},
publisher = {Springer},
series    = {Lecture Notes in Computer Science},
volume    = {2233},
year      = {2001},
isbn      = {3-540-42824-0},
bibsource = {DBLP, http://dblp.uni-trier.de}
}

@article{Carzaniga,
author    = {Antonio Carzaniga and
            David S. Rosenblum and
            Alexander L. Wolf},
title     = {Design and evaluation of a wide-area event notification
            service},
journal   = {ACM Trans. Comput. Syst.},
volume    = {19},
number    = {3},
year      = {2001},
pages     = {332-383},
ee        = {http://doi.acm.org/10.1145/380749.380767},
bibsource = {DBLP, http://dblp.uni-trier.de}
}


@inproceedings{Cobra,
author    = {Ian Rose and
            Rohan Murty and
            Peter R. Pietzuch and
            Jonathan Ledlie and
            Mema Roussopoulos and
            Matt Welsh},
title     = {Cobra: Content-based Filtering and Aggregation of Blogs
            and {RSS} Feeds},
booktitle = {NSDI},
year      = {2007},
ee        = {http://www.usenix.org/events/nsdi07/tech/rose.html},
bibsource = {DBLP, http://dblp.uni-trier.de}
}

@inproceedings{Katti,
author    = {Sachin Katti and
            Hariharan Rahul and
            Wenjun Hu and
            Dina Katabi and
            Muriel M{\'e}dard and
            Jon Crowcroft},
title     = {XORs in the air: practical wireless network coding},
booktitle = {SIGCOMM},
year      = {2006},
pages     = {243-254},
ee        = {http://doi.acm.org/10.1145/1159913.1159942},
crossref  = {DBLP:conf/sigcomm/2006},
bibsource = {DBLP, http://dblp.uni-trier.de}
}

@proceedings{DBLP:conf/sigcomm/2006,
editor    = {Luigi Rizzo and
            Thomas E. Anderson and
            Nick McKeown},
title     = {Proceedings of the ACM SIGCOMM 2006 Conference on Applications,
            Technologies, Architectures, and Protocols for Computer
            Communications, Pisa, Italy, September 11-15, 2006},
booktitle = {SIGCOMM},
publisher = {ACM},
year      = {2006},
isbn      = {1-59593-308-5},
bibsource = {DBLP, http://dblp.uni-trier.de}
}

@inproceedings{Snoeren,
author    = {Alex C. Snoeren and
            Kenneth Conley and
            David K. Gifford},
title     = {Mesh Based Content Routing using XML},
booktitle = {SOSP},
year      = {2001},
pages     = {160-173},
ee        = {http://doi.acm.org/10.1145/502034.502050},
bibsource = {DBLP, http://dblp.uni-trier.de}
}

@inproceedings{Pastry,
author    = {Antony I. T. Rowstron and
            Peter Druschel},
title     = {Pastry: Scalable, Decentralized Object Location, and Routing
            for Large-Scale Peer-to-Peer Systems},
booktitle = {Middleware},
year      = {2001},
pages     = {329-350},
ee        = {http://link.springer.de/link/service/series/0558/bibs/2218/22180329.htm},
crossref  = {DBLP:conf/middleware/2001},
bibsource = {DBLP, http://dblp.uni-trier.de}
}

@proceedings{DBLP:conf/middleware/2001,
editor    = {Rachid Guerraoui},
title     = {Middleware 2001, IFIP/ACM International Conference on Distributed
            Systems Platforms Heidelberg, Germany, November 12-16, 2001,
            Proceedings},
booktitle = {Middleware},
publisher = {Springer},
series    = {Lecture Notes in Computer Science},
volume    = {2218},
year      = {2001},
isbn      = {3-540-42800-3},
bibsource = {DBLP, http://dblp.uni-trier.de}
}


@inproceedings{Cayuga,
author    = {Alan J. Demers and
            Johannes Gehrke and
            Biswanath Panda and
            Mirek Riedewald and
            Varun Sharma and
            Walker M. White},
title     = {Cayuga: A General Purpose Event Monitoring System},
booktitle = {CIDR},
year      = {2007},
pages     = {412-422},
ee        = {http://www.cidrdb.org/cidr2007/papers/cidr07p47.pdf},
crossref  = {DBLP:conf/cidr/2007},
bibsource = {DBLP, http://dblp.uni-trier.de}
}

@proceedings{DBLP:conf/cidr/2007,
title     = {CIDR 2007, Third Biennial Conference on Innovative Data
            Systems Research, Asilomar, CA, USA, January 7-10, 2007,
            Online Proceedings},
booktitle = {CIDR},
publisher = {www.crdrdb.org},
year      = {2007},
bibsource = {DBLP, http://dblp.uni-trier.de}
}


%%% Ymir's references


@inproceedings{Adler,
author    = {Micah Adler and
Zihui Ge and
James F. Kurose and
Donald F. Towsley and
Steve Zabele},
title     = {Channelization Problem in Large Scale Data Dissemination},
booktitle = {ICNP},
year      = {2001},
pages     = {100-109},
ee        = {http://csdl.computer.org/dl/proceedings/icnp/2001/1429/00/142900100.pdf},
crossref  = {DBLP:conf/icnp/2001},
bibsource = {DBLP, http://dblp.uni-trier.de}
}

@proceedings{DBLP:conf/icnp/2001,
title     = {9th International Conference on Network Protocols (ICNP
2001), 11-14 November 2001, Riverside, CA, USA},
booktitle = {ICNP},
publisher = {IEEE Computer Society},
year      = {2001},
isbn      = {0-7695-1429-4},
bibsource = {DBLP, http://dblp.uni-trier.de}
}

@ARTICLE{NewmanPareto,
	  author = {M.~E.~J. Newman},
	    title = {Power laws, {Pareto} distributions and {Zipf}'s law},
	      journal = {Contemporary Physics},
	        volume = {46},
		  pages = {323},
		    url = {doi:10.1080/00107510500052444},
		      year = {2005}
}


@misc{NewmanPower,
	author = {Clauset, Aaron   and Shalizi, Cosma  R.  and Newman, M. E. J. },
	keywords = {powerlaw, empirical, distributions, data},
	month = {June},
	priority = {2},
	title = {Power-law distributions in empirical data},
	howpublished = "\url{http://arxiv.org/abs/0706.1062v1}",
	year = {2007}
}


@ARTICLE{Newman,
	author = {M.~E.~J. Newman},
	title = {The structure and function of complex networks},
	journal = {SIAM Review},
	volume = {45},
	pages = {167},
	url = {http://www.citebase.org/abstract?id=oai:arXiv.org:cond-mat/0303516},
	year = {2003}
}

@article{Watts,
	author = {Watts, Duncan J. and Dodds, Peter Sheridan and Newman, M. E. J.},
	title = {Identity and Search in Social Networks},
	journal = {Science},
	volume = {296},
	number = {5571},
	pages = {1302-1305},
	doi = {10.1126/science.1070120},
	year = {2002},
	URL = {http://www.sciencemag.org/cgi/content/abstract/296/5571/1302},
	eprint = {http://www.sciencemag.org/cgi/reprint/296/5571/1302.pdf}
}

@article{Mitzenmacher,
	author = {M. Mitzenmacher},
	title = {A Brief History of Generative Models for Power Law and Lognormal Distributions},
	journal = {Internet Mathematics},
	volume = {1},
	number = {2},
	pages = {226-251},
	year = {2004}
}

@article{Kleinberg,
	 title = {Complex Networks and Decentralized Search Algorithms},
	 author = {Jon Kleinberg},
	 journal = {Proceedings of the International Congress of Mathematicians (ICM)},
	 year = {2006},
	 keywords = {evolution graph graphgenerator kleinberg routing sna }
 }

@article{Broder,
	author    = {Andrei Z. Broder and Ravi Kumar and Farzin Maghoul and Prabhakar Raghavan and Sridhar Rajagopalan and Raymie Stata and Andrew Tomkins and Janet L. Wiener},
title     = {Graph structure in the Web},
journal   = {Computer Networks},
volume    = {33},
number    = {1-6},
year      = {2000},
pages     = {309-320},
ee        = {http://dx.doi.org/10.1016/S1389-1286(00)00083-9},
}

@article{Yahoo,
	author = {Yahoo!},
	title = {{Yahoo! Research Webscope Groups Dataset v1.0}},
	journal = {http://research.yahoo.com/},
}


@article{Banavar,
	author = {Guruduth Banavar and Tushar Chandra and Bodhi Mukherjee and Jay Nagarajarao and Robert E. Strom and Daniel C. Sturman},
	title = {An Efficient Multicast Protocol for Content-Based Publish-Subscribe Systems},
	journal = {ICDCS},
	volume = {00},
	year = {1999},
	isbn = {0-7695-0222-9},
	pages = {0262},
	doi = {http://doi.ieeecomputersociety.org/10.1109/ICDCS.1999.776528},
	publisher = {IEEE Computer Society},
	address = {Los Alamitos, CA, USA},
}

@inproceedings{ Opyrchal,
    author = "Lukasz Opyrchal and Mark Astley and Joshua S. Auerbach and Guruduth Banavar and Robert E. Strom and Daniel C. Sturman",
	 title = "Exploiting {IP} Multicast in Content-Based Publish-Subscribe Systems",
	booktitle = "Middleware",
	pages = "185-207",
	year = "2000",
	url = "citeseer.ist.psu.edu/opyrchal00exploiting.html"
	}

@inproceedings{ WKM,
    author = "Tina Wong and Randy H. Katz and Steven McCanne",
	title = "An Evaluation on Using Preference Clustering in Large-Scale Multicast Applications",
	booktitle = "{INFOCOM} (2)",
	pages = "451-460",
	year = "2000",
	url = "citeseer.ist.psu.edu/wong00evaluation.html" }

@inproceedings{WK,
 author = {Tina Wong and R. Katz},
 title = {An analysis of multicast forwarding state scalability},
 booktitle = {ICNP '00: Proceedings of the 2000 International Conference on Network Protocols},
 year = {2000},
 isbn = {0-7695-0921-5},
 pages = {105},
 publisher = {IEEE Computer Society},
 address = {Washington, DC, USA},
 }



@article{Barabasi,
	address = {Department of Physics, University of Notre Dame, Notre Dame, IN 46556, USA.},
	author = {Barabasi, A. L.  and Albert, R. },
	citeulike-article-id = {90557},
	issn = {0036-8075},
	journal = {Science},
	keywords = {barabasi, original},
	month = {October},
	number = {5439},
	pages = {509--512},
	posted-at = {2005-02-09 21:05:22},
	priority = {2},
	title = {Emergence of scaling in random networks},
	url = {http://view.ncbi.nlm.nih.gov/pubmed/10521342},
	volume = {286},
	year = {1999}
}

@article{Jiang,
author = {Tao Jiang and B. Ravikumar},
collaboration = {},
title = {Minimal {NFA} Problems are Hard},
publisher = {SIAM},
year = {1993},
journal = {SIAM Journal on Computing},
volume = {22},
number = {6},
pages = {1117-1141},
keywords = {finite automation; minimization; NP-complete; PSPACE-complete},
url = {http://link.aip.org/link/?SMJ/22/1117/1},
doi = {10.1137/0222067}
}


@article{rosenzweig1997jrm,
 title={{The Java Reliable Multicast Service: A Reliable Multicast Library}},
 author={Rosenzweig, P. and Kadansky, M. and Hanna, S.},
 journal={Sun Labs},
 year={1997}
}

@article{fei2001ama,
 title={{Aggregated multicast: an approach to reduce multicast state}},
 author={Fei, A. and Cui, J. and Gerla, M. and Faloutsos, M.},
 journal={Global Telecommunications Conference, 2001. GLOBECOM'01. IEEE},
 volume={3},
 year={2001}
}

@article{brewer2001lgs,
 title={{Lessons from Giant-Scale Services}},
 author={Brewer, E.A.},
 journal={IEEE INTERNET COMPUTING},
 pages={46--55},
 year={2001},
 publisher={IEEE Computer Society}
}


@misc{networkworld,
  author={David Newman},
  title={Multicast Performance Differentiates Across Switches},
 howpublished = "\url{http://www.networkworld.com/reviews/2008/032408-switch-test-performance.html}",
 year={2008}
}


@techreport{xcast,
 title={{Explicit Multicast (Xcast) Concepts and Options}},
 author={Boivie, R. and Feldman, N. and Imai, Y. and Livens, W. and Ooms, D. and Paridaens, O.},
 institution={IETF Internet Draft, work in progress, Jan. 2007}
}

@article{coverset,
 title={{Tiling a Distributed System for Efficient Multicast}},
 author={Ymir Vigfusson and Krzyzstof Ostrowski and Ken Birman and Danny Dolev},
journal = {Technical Report, http://www.cs.cornell.edu/projects/quicksilver/pubs.html},
year= {2007}
}


@article{deeringipmc,
 title={{Host Extensions for IP Multicasting.}},
 author={S. Deering},
 journal={Network Working Request for Comments 1112},
 month={August},
 year={1989}
}

@article{FredRobbert,
 title={Chain Replication for Supporting High Throughput and Availability},
 author={Robbert van Renesse, Fred B. Schneider},
 journal={Proc. OSDI 2004: 91-104},
 year={2004}
}


@book{KensBook,
    author = "Kenneth P. Birman",
        title = "Building Secure and Reliable Network Applications",
	    booktitle = "{WWCA}",
		    year = "1997"
}


@inproceedings{tibco,
 author = {Brian Oki and Manfred Pfluegl and Alex Siegel and Dale Skeen},
 title = {The Information Bus: an architecture for extensible distributed systems},
 booktitle = {SOSP '93: Proceedings of the fourteenth ACM symposium on Operating systems principles},
 year = {1993},
 isbn = {0-89791-632-8},
 pages = {58--68},
 location = {Asheville, North Carolina, United States},
 doi = {http://doi.acm.org/10.1145/168619.168624},
 publisher = {ACM},
 address = {New York, NY, USA},
 }



@inproceedings{ gryphon,
  author = "R. Strom and G. Banavar and T. Chandra and M. Kaplan and K. Miller and
    B. Mukherjee and D. Sturman and M. Ward",
  title = "Gryphon: An information flow based approach to message brokering",
  booktitle = "International Symposium on
    Software Reliability Engineering (ISSRE '98)",
  year = "1998",
  url = "citeseer.ist.psu.edu/strom98gryphon.html" }


@inproceedings{ robbert98fd,
 author = {Robbert van Renesse and Yaron Minsky and Mark Hayden},
  title = {A Gossip-Based Failure Detection Service},
   booktitle = {Middleware'98, IFIP International Conference on Distributed Systems Platforms and Open Distributed Processing},
    pages = {55-70},
     address = {England},
      month = {September},
       year = 1998
       }


@misc {beaweblogic,
  title = {{BEA Weblogic}},
  howpublished = "\url{http://www.bea.com/framework.jsp?CNT=features.htm&FP=/content/products/weblogic/server/}",
  year = 2008
}

@misc{gemstonegemfire,
  title = {{GEMSTONE GemFire}},
  howpublished = "\url{http://www.gemstone.com/products/gemfire/enterprise.php}",
  year = 2008
}

@misc{rtidds,
  title = {{Real Time Innovations Data Distribution Service}},
  howpublished = "\url{http://www.rti.com/products/data_distribution/}",
  year = 2008
}

@misc{tangosolcoherence,
  title = {{Oracle Coherence}},
  howpublished = "\url{http://www.oracle.com/technology/products/coherence/index.html}",
  year = 2008
}

@misc{tibcorendezvous,
  title = {{TIBCO Rendezvous}},
  howpublished = "\url{http://www.tibco.com/software/messaging/rendezvous/default.jsp}",
  year = 2008
}

@misc{jboss,
  title = {{JBoss Application Server}},
  howpublished = "\url{http://www.jboss.org/}",
  year = 2008
}


@misc{amilhastre,
   author = {Amilhastre, J.},
   title = {Complexity of minimum biclique decomposition of bipartite graphs},
   howpublished = {Unpublished manuscript}
}


@article{floydsrm,
 author = {Sally Floyd and Van Jacobson and Ching-Gung Liu and Steven McCanne and Lixia Zhang},
 title = {{A Reliable Multicast Framework for Light-weight Sessions and Application Level Framing}},
 journal = {IEEE/ACM Transactions on Networking (TON)},
 volume = {5},
 number = {6},
 year = {1997},
 issn = {1063-6692},
 pages = {784--803},
 doi = {http://dx.doi.org/10.1109/90.650139},
 publisher = {IEEE Press},
 address = {Piscataway, NJ, USA},
 }

 @article{ gemmell03pgm,
  author = "J. Gemmel and T. Montgomery and T. Speakman and N. Bhaskar and J. Crowcroft",
  title = {{The PGM Reliable Multicast Protocol}},
  journal = "IEEE Network",
  volume = {17},
  number = {1},
  pages = {16--22},
  year = "2003",
  url = "citeseer.ist.psu.edu/gemmel03pgm.html" }
%ORIGINALLY CITESEER --- MODIFIED LATER BY HAND

@article{birmanbimodal,
 author = {Kenneth P. Birman and Mark Hayden and Oznur Ozkasap and Zhen Xiao and Mihai Budiu and Yaron Minsky},
 title = {{Bimodal Multicast}},
 journal = {ACM Transactions on Computer Systems (TOCS)},
 volume = {17},
 number = {2},
 year = {1999},
 issn = {0734-2071},
 pages = {41--88},
 doi = {http://doi.acm.org/10.1145/312203.312207},
 publisher = {ACM Press},
 address = {New York, NY, USA},
 }

 @techreport{bhattacharyya:oss,
  title={{An Overview of Source-Specific Multicast (SSM)}},
  author={Bhattacharyya, S. and Diot, C. and Giuliano, L.},
  institution={RFC 3569},
   month={July},
   year={2003}
}


@conference{judge2002gga,
  title={{Gothic: a group access control architecture for secure multicast and anycast}},
  author={Judge, P. and Ammar, M.},
  booktitle={INFOCOM 2002. Twenty-First Annual Joint Conference of the IEEE Computer and Communications Societies. Proceedings. IEEE},
  volume={3},
  year={2002}
}

@conference{canetti1999mst,
  title={{Multicast security: a taxonomy and some efficient constructions}},
  author={Canetti, R. and Garay, J. and Itkis, G. and Micciancio, D. and Naor, M. and Pinkas, B. and Center, I.B.M.T.J.W.R. and Heights, Y.},
  booktitle={INFOCOM'99. Eighteenth Annual Joint Conference of the IEEE Computer and Communications Societies. Proceedings. IEEE},
  volume={2},
  year={1999}
}

@inproceedings{830436,
 author = {T. Ballardie and J. Crowcroft},
 title = {Multicast-specific security threats and counter-measures},
 booktitle = {SNDSS'95: Proceedings of the Symposium on Network and Distributed System Security},
 year = {1995},
 isbn = {0-8186-7027-4},
 pages = {2},
 publisher = {IEEE Computer Society},
 address = {Washington, DC, USA},
 }




@article{moyer1999ssi,
  title={{A survey of security issues in multicast communications}},
  author={Moyer, MJ and Rao, JR and Rohatgi, P.},
  journal={Network, IEEE},
  volume={13},
  number={6},
  pages={12--23},
  year={1999}
}

@misc{mcmd,
	author = {Ymir Vigfusson and Hussam Abu-Libdeh and Mahesh Balakrishnan and Ken Birman and Yoav Tock},
	month = {October},
	title = {{Dr.~Multicast: Rx for Data Center Communication Scalability}},
	howpublished = "\url{http://www.cs.cornell.edu/projects/quicksilver/pubs.html}",
	year = {2008}
}


@Misc{ibmtivoli,
    title = {{IBM Tivoli}},
    howpublished="\url{www.ibm.com/tivoli}",
    year = 2008
}

@inproceedings{sigcomm,
 author = {Barath Raghavan and Kashi Vishwanath and Sriram Ramabhadran and Kenneth Yocum and Alex C. Snoeren},
 title = {Cloud control with distributed rate limiting},
 booktitle = {SIGCOMM '07: Proceedings of the 2007 conference on Applications, technologies, architectures, and protocols for computer communications},
 year = {2007},
 isbn = {978-1-59593-713-1},
 pages = {337--348},
 location = {Kyoto, Japan},
 doi = {http://doi.acm.org/10.1145/1282380.1282419},
 publisher = {ACM},
 address = {New York, NY, USA},
}

@misc{websphere,
  title = {{IBM WebSphere}},
  howpublished = "\url{http://www-01.ibm.com/software/webservers/appserv/was/}",
  year = 2008
}
